<?xml version="1.0" encoding="UTF-8"?><record xmlns="http://www.loc.gov/MARC21/slim" xmlns:cinclude="http://apache.org/cocoon/include/1.0" xmlns:zs="http://www.loc.gov/zing/srw/">
  <leader>00374nz  a2200121n  4500</leader>
  <controlfield tag="001">n  97039745 </controlfield>
  <controlfield tag="003">DLC</controlfield>
  <controlfield tag="005">19970415151745.0</controlfield>
  <controlfield tag="008">970415n| acannaab|          |n aaa |||  </controlfield>
  <datafield tag="010" ind1=" " ind2=" ">
    <subfield code="a">n  97039745 </subfield>
  </datafield>
  <datafield tag="040" ind1=" " ind2=" ">
    <subfield code="a">DLC</subfield>
    <subfield code="c">DLC</subfield>
  </datafield>
  <datafield tag="100" ind1="1" ind2="0">
    <subfield code="a">Altman, Penny,</subfield>
    <subfield code="d">1952-</subfield>
  </datafield>
  <datafield tag="670" ind1=" " ind2=" ">
    <subfield code="a">How to design, develop, and market health care seminars, 1997:</subfield>
    <subfield code="b">CIP t.p. (Penny Altman, MA) data sheet (b. 10-11-52)</subfield>
  </datafield>
</record>